@misc{web:sofse,
    TITLE = "Trenes Argentinos Operaciones (SOFSE - Operadora Ferroviaria Sociedad del Estado)",
	url = "https://www.argentina.gob.ar/transporte/trenes-argentinos",
	urldate = {2023-03-18}
}
@misc{web:sifang,
    TITLE = "CRRC Qingdao Sifang Co., Ltd.",
	url = "https://www.crrcgc.cc/sfgfen",
	urldate = {2023-03-18}
}
@misc{licitacion1,
    TITLE = "Ratificación del contrato para el suministro de EMU, repuestos, herramientas, documentacion tecnica, servicios tecnicos y capacitacion técnica suscripto entre el Ministerio del Interior y Transporte y CSR Qingdao Sifang Co., Ltd.",
	url = "http://www.saij.gob.ar/legislacion/decreto-nacional-9-2013-ratificacion_contrato_para_suministro.htm?2&bsrc=ci",
	urldate = {2023-03-18}
}
@misc{emu:roca,
    TITLE = "Unidad eléctrica múltiple CSR (Roca)",
    AUTHOR = "Wikipedia",
	url = "https://es.wikipedia.org/wiki/Unidad_el%C3%A9ctrica_m%C3%BAltiple_CSR_(Roca)",
	urldate = {2023-03-18}
}
@misc{emu:mitre-sarmiento,
    TITLE = "Unidad eléctrica múltiple CSR (Mitre y Sarmiento)",
    AUTHOR = "Wikipedia",
	url = "https://es.wikipedia.org/wiki/Unidad_el%C3%A9ctrica_m%C3%BAltiple_CSR_(Mitre_y_Sarmiento)",
	urldate = {2023-03-18}
}
@misc{web:gicsafe,
    TITLE = "CONICET - GICSAFe",
	url = "https://sites.google.com/view/conicet-gicsafe/inicio",
	urldate = {2023-03-19}
}
@techreport{iec61375-1,
    type = "International Standard",
    author = "{Technical Committee 9, Electrical equipment and systems for railways}",
    institution = "International Electrotechnical Commission",
    title = "IEC 61375-1:2012 - Electronic railway equipment - Train communication network (TCN) - Part 1: General architecture",
    year = "2012"
}
@INPROCEEDINGS{mvb-pub-1,
  author={Quan-li Liu and Jun-jian Guo and Wei Wang},
  booktitle={2010 8th World Congress on Intelligent Control and Automation},
  title={Design and implementation of MVB protocol analyzer},
  year={2010},
  pages={5404-5408},
  doi={10.1109/WCICA.2010.5555000}
}
@INPROCEEDINGS{mvb-pub-2,
  author={Zaijun, Hua and Fengchen, Huang and Jie, Shen and Zhao, Chen},
  booktitle={2015 6th IEEE International Conference on Software Engineering and Service Science (ICSESS)}, 
  title={An MVB signal capturer based on microcontrollers for metro train on-line health monitoring system}, 
  year={2015},
  pages={255-258},
  doi={10.1109/ICSESS.2015.7339049}
}
@inproceedings{mvb-pub-3,
    author = {Iturbe, Xabier and Zuloaga, Aitzol and Jiménez, Jaime and Lázaro, Jesús and Martín, José},
    year = {2008},
    month = {12},
    pages = {1455 - 1460},
    title = {A novel SoC architecture for a MVB slave node},
    doi = {10.1109/IECON.2008.4758168}
}
@techreport{mvbcs1,
    type = "Data Sheet",
    author = "{Siemens Transportation Systems Ltd.}",
    title = "MVB-Controller ASIC MVBCS1",
    year = "2001"
}
@techreport{mvbc02c,
    type = "Data Sheet",
    author = "{Bombardier Transportation Ltd.}",
    title = "MVB Bus Access Controller MVBC02C",
}
@misc{yacer,
    TITLE = "MVB-Analyzer",
    author = "Yacer",
	url = "http://www.yacer.com.cn/products/det/MVB-Analyzer",
	urldate = {2023-03-19}
}
@misc{amit,
    TITLE = "WTB and MVB Analyzers",
    author = "AMiT Transportation",
	url = "https://amit-transportation.com/en/produkt/tcn-communication/wtb-and-mvb-analysers/",
	urldate = {2023-03-19}
}
@misc{duagon,
    TITLE = "D442 MVB Diagnostic System",
    author = "Duagon",
	url = "https://www.duagon.com/products/details/d442/",
	urldate = {2023-03-19}
}
@misc{wireshark,
    TITLE = "Wireshark",
	url = "https://www.wireshark.org/",
	urldate = {2023-03-19}
}
@misc{pde2020,
    TITLE = "Proyectos de Desarrollo Estratégico 2020",
	url = "https://cyt.rec.uba.ar/investigacion/subsidios/convocatorias-proyectos-de-desarrollo-estrategico/proyectos-de-desarrollo-estrategico-2020/",
	urldate = {2023-03-22}
}
